@phdthesis{spantini2017low,
  title={On the low-dimensional structure of Bayesian inference},
  author={Spantini, Alessio},
  year={2017},
  school={Massachusetts Institute of Technology}
}

@inproceedings{liu2016stein,
  title={Stein variational gradient descent: A general purpose bayesian inference algorithm},
  author={Liu, Qiang and Wang, Dilin},
  booktitle={Advances In Neural Information Processing Systems},
  pages={2378--2386},
  year={2016}
}